<?xml version="1.0" encoding="UTF-8"?><collection xmlns="http://www.loc.gov/MARC21/slim"><record><leader>00615nam--2200193-u-4500</leader><controlfield tag="001">000052236</controlfield><controlfield tag="002">20161230</controlfield><controlfield tag="005">20161230201050</controlfield><controlfield tag="008">100531s1000------------r-----000-0-FRE-d</controlfield><datafield ind1=" " ind2=" " tag="040"><subfield code="a">IFIN-HH</subfield></datafield><datafield ind1=" " ind2=" " tag="041"><subfield code="a">FRE</subfield></datafield><datafield ind1=" " ind2=" " tag="080"><subfield code="a">519.246(043)</subfield></datafield><datafield ind1="1" ind2=" " tag="100"><subfield code="a">Pham-dinh, Tuan</subfield></datafield><datafield ind1="1" ind2="0" tag="245"><subfield code="a">Estimation et test dans les modeles parametriques de processus stationnaires</subfield><subfield code="c">Pham-dinh-tuan</subfield></datafield><datafield ind1=" " ind2=" " tag="260"><subfield code="a">Grenoble</subfield><subfield code="b">Universite Scientifique Et Medicale De Grenoble;Institut National Polytechnique De Grenoble</subfield><subfield code="c">1975</subfield></datafield><datafield ind1=" " ind2=" " tag="300"><subfield code="a">179P</subfield></datafield><datafield ind1=" " ind2=" " tag="650"><subfield code="a">Processus Stationnaires</subfield></datafield><datafield ind1=" " ind2=" " tag="852"><subfield code="a">44073</subfield><subfield code="c">519.2</subfield></datafield><datafield ind1=" " ind2=" " tag="CAT"><subfield code="a">Sys</subfield><subfield code="c">20100531</subfield><subfield code="h">091933</subfield></datafield></record></collection>